<?xml version="1.0" encoding="UTF-8"?><collection xmlns="http://www.loc.gov/MARC21/slim"><record><leader>00479nam--2200169-i-4500</leader><controlfield tag="001">000003441</controlfield><controlfield tag="002">20161230</controlfield><controlfield tag="005">20161230201025</controlfield><controlfield tag="008">060222s1000------------r-----000-0-eng-d</controlfield><datafield ind1=" " ind2=" " tag="040"><subfield code="a">IFIN-HH</subfield></datafield><datafield ind1=" " ind2=" " tag="080"><subfield code="a">539.893:620.173:539.893</subfield></datafield><datafield ind1="1" ind2=" " tag="100"><subfield code="a">Bridgman, P.W</subfield></datafield><datafield ind1="1" ind2="0" tag="245"><subfield code="a">The physics of high preasure</subfield><subfield code="b">New impresion with supplement</subfield><subfield code="c">P.w. bridgman</subfield></datafield><datafield ind1=" " ind2=" " tag="260"><subfield code="a">London</subfield><subfield code="b">G.Bell And Sons, Ltd</subfield><subfield code="c">1949</subfield></datafield><datafield ind1=" " ind2=" " tag="300"><subfield code="a">VIII + 445 P</subfield></datafield><datafield ind1=" " ind2=" " tag="852"><subfield code="a">931</subfield><subfield code="c">539.2</subfield></datafield><datafield ind1=" " ind2=" " tag="CAT"><subfield code="a">Sys</subfield><subfield code="c">20120718</subfield><subfield code="h">123614</subfield></datafield></record></collection>